<record><leader>00000cas a22000007a 4500</leader><controlfield tag="001">1766158</controlfield><controlfield tag="008">751101d19681973mnuwr ne      0    0eng d</controlfield><datafield ind1=" " ind2=" " tag="010"><subfield code="a">sn 90060275 </subfield></datafield><datafield ind1=" " ind2=" " tag="040"><subfield code="a">MUL</subfield><subfield code="b">eng</subfield><subfield code="c">MUL</subfield><subfield code="d">MN#</subfield><subfield code="d">OCL</subfield><subfield code="d">OCLCQ</subfield><subfield code="d">OCLCF</subfield><subfield code="d">OCLCO</subfield></datafield><datafield ind1="1" ind2=" " tag="029"><subfield code="a">AU@</subfield><subfield code="b">000025905896</subfield></datafield><datafield ind1=" " ind2=" " tag="042"><subfield code="a">msc</subfield></datafield><datafield ind1=" " ind2=" " tag="043"><subfield code="a">n-us-mn</subfield></datafield><datafield ind1=" " ind2=" " tag="052"><subfield code="a">4144</subfield><subfield code="b">S7</subfield></datafield><datafield ind1=" " ind2=" " tag="052"><subfield code="a">4143</subfield><subfield code="b">D3</subfield></datafield><datafield ind1="0" ind2="4" tag="245"><subfield code="a">The South St. Paul sun.</subfield></datafield><datafield ind1="3" ind2="0" tag="246"><subfield code="a">South Saint Paul sun</subfield></datafield><datafield ind1=" " ind2=" " tag="260"><subfield code="a">South St. Paul, Minn. :</subfield><subfield code="b">Suburban Newspapers,</subfield><subfield code="c">1968-1973.</subfield></datafield><datafield ind1=" " ind2=" " tag="300"><subfield code="a">5 v.</subfield></datafield><datafield ind1=" " ind2=" " tag="310"><subfield code="a">Weekly</subfield></datafield><datafield ind1="0" ind2=" " tag="362"><subfield code="a">Vol. 78, no. 23 (Mar. 6, 1968)-v. 82, no. 36 (May 30, 1973).</subfield></datafield><datafield ind1=" " ind2=" " tag="500"><subfield code="a">Published at: Edina, Minn., June 26, 1968-May 30, 1973.</subfield></datafield><datafield ind1=" " ind2=" " tag="500"><subfield code="a">"Serving Inver Grove Heights."</subfield></datafield><datafield ind1=" " ind2=" " tag="530"><subfield code="a">Available on microfilm from the Minnesota Historical Society.</subfield></datafield><datafield ind1=" " ind2="0" tag="651"><subfield code="a">Edina (Minn.)</subfield><subfield code="v">Newspapers.</subfield></datafield><datafield ind1=" " ind2="0" tag="651"><subfield code="a">South Saint Paul (Minn.)</subfield><subfield code="v">Newspapers.</subfield></datafield><datafield ind1=" " ind2="0" tag="651"><subfield code="a">Inver Grove Heights (Minn.)</subfield><subfield code="v">Newspapers.</subfield></datafield><datafield ind1=" " ind2="7" tag="655"><subfield code="a">Newspapers.</subfield><subfield code="2">fast</subfield><subfield code="0">(OCoLC)fst01423814</subfield></datafield><datafield ind1=" " ind2="7" tag="651"><subfield code="a">Minnesota</subfield><subfield code="z">Edina.</subfield><subfield code="2">fast</subfield><subfield code="0">(OCoLC)fst01220182</subfield></datafield><datafield ind1=" " ind2="7" tag="651"><subfield code="a">Minnesota</subfield><subfield code="z">Inver Grove Heights.</subfield><subfield code="2">fast</subfield><subfield code="0">(OCoLC)fst01208645</subfield></datafield><datafield ind1=" " ind2="7" tag="651"><subfield code="a">Minnesota</subfield><subfield code="z">South Saint Paul.</subfield><subfield code="2">fast</subfield><subfield code="0">(OCoLC)fst01208836</subfield></datafield><datafield ind1=" " ind2=" " tag="752"><subfield code="a">United States</subfield><subfield code="b">Minnesota</subfield><subfield code="c">Hennepin</subfield><subfield code="d">Edina.</subfield></datafield><datafield ind1=" " ind2=" " tag="752"><subfield code="a">United States</subfield><subfield code="b">Minnesota</subfield><subfield code="c">Dakota</subfield><subfield code="d">South Saint Paul.</subfield></datafield><datafield ind1=" " ind2=" " tag="752"><subfield code="a">United States</subfield><subfield code="b">Minnesota</subfield><subfield code="c">Dakota</subfield><subfield code="d">Inver Grove Heights.</subfield></datafield><datafield ind1="0" ind2="0" tag="780"><subfield code="t">Reporter (South Saint Paul, Minn. : South St. Paul ed.)</subfield><subfield code="w">(DLC)sn 90060302</subfield></datafield><datafield ind1="0" ind2="6" tag="785"><subfield code="t">Midweek sun (Edina, Minn. : South St. Paul ed.)</subfield><subfield code="w">(DLC)sn 90060284</subfield></datafield><datafield ind1="0" ind2="6" tag="785"><subfield code="t">Midweek sun (Edina, Minn. : Inver Grove Heights ed.)</subfield><subfield code="w">(DLC)sn 90060274</subfield></datafield></record>